<record><leader>00000cas a22000007a 4500</leader><controlfield tag="001">21380521</controlfield><controlfield tag="008">900416d18901894ohudr ne      0    0eng d</controlfield><datafield ind1=" " ind2=" " tag="010"><subfield code="a">sn 90068067 </subfield></datafield><datafield ind1=" " ind2=" " tag="040"><subfield code="a">ONP</subfield><subfield code="b">eng</subfield><subfield code="c">ONP</subfield><subfield code="d">OCLCQ</subfield></datafield><datafield ind1=" " ind2=" " tag="042"><subfield code="a">msc</subfield></datafield><datafield ind1="0" ind2=" " tag="130"><subfield code="a">Evening news (Mansfield, Ohio)</subfield></datafield><datafield ind1="1" ind2="4" tag="245"><subfield code="a">The Evening news.</subfield></datafield><datafield ind1="3" ind2="0" tag="246"><subfield code="a">Sunday news</subfield></datafield><datafield ind1=" " ind2=" " tag="260"><subfield code="a">Mansfield, O. [Ohio] :</subfield><subfield code="b">W.S. Cappeller, E.S. Hiestand,</subfield><subfield code="c">1890-1894.</subfield></datafield><datafield ind1=" " ind2=" " tag="300"><subfield code="a">v.</subfield></datafield><datafield ind1=" " ind2=" " tag="310"><subfield code="a">Daily</subfield></datafield><datafield ind1="0" ind2=" " tag="362"><subfield code="a">Vol. 5, no. 256 (Jan. 2, 1890)-v. 9, no. 258 (Jan. 6, 1894) = -whole no. 3194.</subfield></datafield><datafield ind1=" " ind2=" " tag="500"><subfield code="a">On Sunday published as: Sunday news.</subfield></datafield><datafield ind1=" " ind2=" " tag="515"><subfield code="a">Daily and Sunday issues each have their own numbering.</subfield></datafield><datafield ind1=" " ind2=" " tag="752"><subfield code="a">United States</subfield><subfield code="b">Ohio</subfield><subfield code="c">Richland</subfield><subfield code="d">Mansfield.</subfield></datafield><datafield ind1="0" ind2="0" tag="780"><subfield code="t">Mansfield daily news</subfield><subfield code="w">(DLC)sn 88078532</subfield></datafield><datafield ind1="0" ind2="0" tag="785"><subfield code="t">Mansfield news (Mansfield, Ohio)</subfield><subfield code="w">(DLC)sn 88078531</subfield></datafield></record>